@unpublished{ciotti_griffin_makoni, title={Final Project Introduction and Background. The unpublished project.}, year={2019}, author={Ciotti, Louis and Griffin, Candyce and Makoni, Solomon}, note={Unpublished Class Work}}

@misc{dellasega, title={The Rural Health Care Challenge}, url={https://www.cerner.com/blog/the-rural-health-care-challenge}, journal={Home}, author={Dellasega, Dave}}

@misc{ellison, title={State-by-state breakdown of 102 rural hospital closures: Of the 27 states that have seen at least one rural hospital close since 2010, those with the most closures are located in the South, according to research from the North Carolina Rural Health Research Program.}, url={https://www.beckershospitalreview.com/finance/state-by-state-breakdown-of-102-rural-hospital-closures.html}, journal={Becker's Hospital Review}, author={Ellison, Ayla}}

@misc{garfield_orgera_damico_2019, title={The Coverage Gap: Uninsured Poor Adults in States that Do Not Expand Medicaid}, url={https://www.kff.org/medicaid/issue-brief/the-coverage-gap-uninsured-poor-adults-in-states-that-do-not-expand-medicaid/}, journal={The Henry J. Kaiser Family Foundation}, author={Garfield, Rachel and Orgera, Kendal and Damico, Anthony}, year={2019}, month={Mar}}

@misc{aamcnews_2017, title={Health Disparities Affect Millions in Rural U.S. Communities}, url={https://news.aamc.org/patient-care/article/health-disparities-affect-millions-rural-us-commun/}, journal={AAMCNews}, year={2017}, month={Oct}}

@misc{data.cms.gov, title={Inpatient Prospective Payment System (IPPS) Provider Summary for the Top 100 Diagnosis-Related Groups (DRG) - FY2011}, url={https://data.cms.gov/Medicare-Inpatient/Inpatient-Prospective-Payment-System-IPPS-Provider/97k6-zzx3}, journal={Data.CMS.gov}}

@misc{searing, title={More Rural Hospitals Closing in States Refusing Medicaid Coverage Expansion}, url={https://ccf.georgetown.edu/2018/10/29/more-rural-hospitals-closing-in-states-refusing-medicaid-coverage-expansion/}, author={Searing, Adam},journal={Center For Children and Families}, year={2018}, month={Oct}}

@misc{rural_closures, url={https://www.gao.gov/assets/700/694125.pdf}, publisher={US Government Accountability Office(GAO)}, year={2018}, month={Aug}}

@misc{healthcare_access, title={Rural Health Information Hub}, url={https://www.ruralhealthinfo.org/topics/healthcare-access}, journal={Healthcare Access in Rural Communities Introduction}}

@misc{census.gov_1995, title={Urban and Rural Definitions}, url={https://www.census.gov/population/censusdata/urdef.txt}, journal={Census.gov}, publisher={US Census Bureau}, year={1995}, month={Oct}}